@ARTICLE{Roman20132266,
author={Roman, R. and Zhou, J. and Lopez, J.},
title={On the features and challenges of security and privacy in distributed {Internet of Things}},
journal={{Computer Networks}},
year=2013,
volume={57},
number={10},
pages={2266-2279},
doi={10.1016/j.comnet.2012.12.018},
url={https://www.scopus.com/inward/record.uri?eid=2-s2.0-84879225866&doi=10.1016%2fj.comnet.2012.12.018&partnerID=40&md5=e9aa4afb7a40923b86ee7e0788743c94},
document_type={Article},
source={Scopus},
}

@ARTICLE{Weber201023,
author={Weber, R.H.},
title={{Internet of Things} - New security and privacy challenges},
journal={{Computer Law and Security Review}},
year=2010,
volume={26},
number={1},
pages={23-30},
doi={10.1016/j.clsr.2009.11.008},
url={https://www.scopus.com/inward/record.uri?eid=2-s2.0-74949143896&doi=10.1016%2fj.clsr.2009.11.008&partnerID=40&md5=e25b3f9a2022e03be4518ed7c9438ea2},
document_type={Article},
source={Scopus},
}

@ARTICLE{Roman6017172, 
author={R. Roman and P. Najera and J. Lopez}, 
journal={Computer}, 
title={Securing the {Internet of Things}}, 
year={2011}, 
volume={44}, 
number={9}, 
pages={51-58}, 
keywords={Internet;computer network security;Internet of Things;Internet security;IoT;business models;virtual component;Internet;Network security;Protocols;Sensor systems;Virtual environments;Wireless sensor networks;Internet of Things;Security protocols;Sensor networks;Virtual objects}, 
doi={10.1109/MC.2011.291}, 
ISSN={0018-9162}, 
month={9},}

@ARTICLE{Keoh6817545, 
author={S. L. Keoh and S. S. Kumar and H. Tschofenig}, 
journal={{IEEE Internet of Things Journal}}, 
title={Securing the {Internet of Things}: A Standardization Perspective}, 
year={2014}, 
volume={1}, 
number={3}, 
pages={265-275}, 
keywords={IP networks;Internet;Internet of Things;computer network security;cryptographic protocols;public key cryptography;CoAP;DTLS;IETF;IP connectivity;Internet Engineering Task Force;Internet of Things;Internet protocol;IoT devices;application protocol;channel security;coherent security vision;communication security solutions;compression schemes;constrained application protocol;datagram transport layer security;embedded devices;intelligent sensors;message fragmentation mitigation;proprietary security solutions;raw public key;smart objects;standard security protocols;Authentication;Cryptography;IP networks;Internet;Materials;Protocols;Communication security;Internet of Things (IoT);compression scheme;end-to-end security;machine-to-machine communication;standardization}, 
doi={10.1109/JIOT.2014.2323395}, 
ISSN={2327-4662}, 
month={6},}

@INPROCEEDINGS{Suo6188257, 
author={H. Suo and J. Wan and C. Zou and J. Liu}, 
booktitle={{2012 International Conference on Computer Science and Electronics Engineering}}, 
title={Security in the {Internet of Things}: A Review}, 
year={2012}, 
volume={3}, 
pages={648-651}, 
keywords={Internet;cryptography;data privacy;sensors;Internet of things;communication security;cryptographic algorithms;encryption mechanism;privacy;security architecture;security requirements;sensor data protecting;Algorithm design and analysis;Business;Encryption;Internet;Privacy;challenges;confidentiality;internet of things;privacy;security}, 
doi={10.1109/ICCSEE.2012.373}, 
month={3},}

@INPROCEEDINGS{Xiaohui6643029, 
author={X. Xiaohui}, 
booktitle={{2013 International Conference on Computational and Information Sciences}}, 
title={Study on Security Problems and Key Technologies of the {Internet of Things}}, 
year={2013}, 
pages={407-410}, 
keywords={Internet of Things;security of data;IOT;Internet of Things;information sensing devices;information wave;mobile communication network;security issue;security problems;security technology;Business;Cloud computing;Encryption;Safety;cloud computing;information security;the internet of things;wireless sensor network}, 
doi={10.1109/ICCIS.2013.114}, 
month={6},}

@ARTICLE{Granjal7005393, 
author={J. Granjal and E. Monteiro and J. Sá Silva}, 
journal={{IEEE Communications Surveys Tutorials}}, 
title={Security for the {Internet of Things}: A Survey of Existing Protocols and Open Research Issues}, 
year={2015}, 
volume={17}, 
number={3}, 
pages={1294-1312}, 
keywords={IP networks;Internet of Things;computer network security;cryptographic protocols;IP-based communication protocols;Internet Of Things;IoT applications;IoT security;communication protection;communications stack;fundamental security requirements;secure communication;ubiquitous connectivity;Cryptography;IEEE 802.15 Standards;Internet;Protocols;Sensors;6LoWPAN;CoAP;DTLS;End-to-end security;IEEE 802.15.4;Internet of Things;Internet of things;RPL;Security;end-to-end security;security}, 
doi={10.1109/COMST.2015.2388550}, 
ISSN={1553-877X}, 
month={8},}

@INPROCEEDINGS{Zhao6746513, 
author={K. Zhao and L. Ge}, 
booktitle={{2013 Ninth International Conference on Computational Intelligence and Security}}, 
title={A Survey on the {Internet of Things} Security}, 
year={2013}, 
pages={663-667}, 
keywords={Internet of Things;access control;authorisation;computer architecture;computer network security;private key cryptography;routing protocols;sensor fusion;IoT security architecture;IoT security features;access control;authentication;data fusion technology;internet of things security;key algorithm;key management;perception layer;safety measures;security routing protocol;three-layer system structure;Authentication;Computer architecture;Internet;Protocols;Sensors;Wireless sensor networks;Internet of Things;Internet of Things Security;perception layer}, 
doi={10.1109/CIS.2013.145}, 
month={12},}

@inproceedings{Kozlov,
 author = {Kozlov, Denis and Veijalainen, Jari and Ali, Yasir},
 title = {Security and Privacy Threats in {IoT} Architectures},
 booktitle = {{Proceedings of the 7th International Conference on Body Area Networks}},
 series = {BodyNets '12},
 year = {2012},
 isbn = {978-1-936968-60-2},
 location = {Oslo, Norway},
 pages = {256--262},
 numpages = {7},
 acmid = {2442750},
 publisher = {ICST (Institute for Computer Sciences, Social-Informatics and Telecommunications Engineering)},
 address = {ICST, Brussels, Belgium, Belgium},
 keywords = {IoT architecture, energy consumption, future internet, privacy, security, trust},
} 

@inproceedings{Garcia-Morchon:2013:SII:2462096.2462117,
 author = {Garcia-Morchon, Oscar and Keoh, Sye Loong and Kumar, Sandeep and Moreno-Sanchez, Pedro and Vidal-Meca, Francisco and Ziegeldorf, Jan Henrik},
 title = {Securing the {IP}-based {Internet of Things} with {HIP} and {DTLS}},
 booktitle = {{Proceedings of the Sixth {ACM} Conference on Security and Privacy in Wireless and Mobile Networks}},
 series = {WiSec '13},
 year = {2013},
 isbn = {978-1-4503-1998-0},
 location = {Budapest, Hungary},
 pages = {119--124},
 numpages = {6},
 url = {http://doi.acm.org.er.lib.k-state.edu/10.1145/2462096.2462117},
 doi = {10.1145/2462096.2462117},
 acmid = {2462117},
 publisher = {ACM},
 address = {New York, NY, USA},
 keywords = {protocol design, security, security architecture},
} 


@inproceedings{Sadeghi:2015:SPC:2744769.2747942,
 author = {Sadeghi, Ahmad-Reza and Wachsmann, Christian and Waidner, Michael},
 title = {Security and Privacy Challenges in {Industrial Internet of Things}},
 booktitle = {{Proceedings of the 52nd Annual Design Automation Conference}},
 series = {DAC '15},
 year = {2015},
 isbn = {978-1-4503-3520-1},
 location = {San Francisco, California},
 pages = {54:1--54:6},
 articleno = {54},
 numpages = {6},
 url = {http://doi.acm.org.er.lib.k-state.edu/10.1145/2744769.2747942},
 doi = {10.1145/2744769.2747942},
 acmid = {2747942},
 publisher = {ACM},
 address = {New York, NY, USA},
} 


@inproceedings{Zhang:2015:EST:2714576.2737091,
 author = {Zhang, Zhi-Kai and Cho, Michael Cheng Yi and Shieh, Shiuhpyng},
 title = {Emerging Security Threats and Countermeasures in {IoT}},
 booktitle = {{Proceedings of the 10th ACM Symposium on Information, Computer and Communications Security}},
 series = {ASIA CCS '15},
 year = {2015},
 isbn = {978-1-4503-3245-3},
 location = {Singapore, Republic of Singapore},
 pages = {1--6},
 numpages = {6},
 url = {http://doi.acm.org.er.lib.k-state.edu/10.1145/2714576.2737091},
 doi = {10.1145/2714576.2737091},
 acmid = {2737091},
 publisher = {ACM},
 address = {New York, NY, USA},
 keywords = {authentication, communication, iot, privacy, security},
} 

@INPROCEEDINGS{Martinez1,
author={J. Martínez and J. Mejía and M. Muñoz},
booktitle={2016 {International Conference on Software Process Improvement} (CIMPS)},
title={Security analysis of the {Internet of Things}: A systematic literature review},
year={2016},
pages={1-6},
keywords={Internet of Things;data privacy;security of data;Internet of Things;IoT devices;connected devices;information privacy;information security;Internet of Things;IoT;security;systematic review},
doi={10.1109/CIMPS.2016.7802809},
month={Oct},}

@INPROCEEDINGS{Hummen, 
author={Ren{\'e} Hummen and H. Wirtz and J. H. Ziegeldorf and J. Hiller and K. Wehrle}, 
booktitle={2013 21st {IEEE} {International} {Conference} on {Network} {Protocols} ({ICNP})}, 
title={Tailoring end-to-end {IP} security protocols to the {Internet of Things}}, 
year={2013}, 
pages={1-10}, 
keywords={Internet of Things;computer network security;cryptographic protocols;public key cryptography;DTLS;DoS attacks;HIP DEX;HIP diet exchange;IKEv2;Internet of Things;collaborative puzzle-based DoS protection mechanism;comprehensive session resumption mechanism;denial of service attack;end-to-end IP security protocol;key agreement;peer authentication;public-key-based cryptographic primitives;public-key-based operations;refined retransmission mechanism;resource-constrained IoT devices;resource-constrained peers;Cryptography;DH-HEMTs;Hip;IP networks;Internet;Protocols}, 
doi={10.1109/ICNP.2013.6733571}, 
ISSN={1092-1648}, 
month={Oct},}

@INPROCEEDINGS{Hummen2, 
author={R. Hummen and K. Wehrle}, 
booktitle={2013 21st {IEEE International Conference on Network Protocols} ({ICNP})}, 
title={Standards-based end-to-end IP security for the {Internet of Things}}, 
year={2013}, 
pages={1-3}, 
keywords={IP networks;Internet of Things;computer network security;cryptographic protocols;DEX;DTLS;HIP diet exchange;Internet of Things;IoT;constrained network environments;datagram TLS;design-level protocol issues;minimal IKEv2;peer authentication;secure data transmission;security protocol;standards-based end-to-end IP security;Authentication;Hip;IP networks;Internet;Logic gates;Protocols}, 
doi={10.1109/ICNP.2013.6733648}, 
ISSN={1092-1648}, 
month={Oct},}

@INPROCEEDINGS{Capossele, 
author={A. Capossele and V. Cervo and G. De Cicco and C. Petrioli}, 
booktitle={2015 {IEEE} {International Conference on Communications} ({ICC})}, 
title={Security as a {CoAP} resource: An optimized {DTLS} implementation for the {IoT}}, 
year={2015}, 
pages={549-554}, 
keywords={Internet of Things;computer network security;cryptographic protocols;public key cryptography;telecommunication power management;CoAP resource;ECC optimization;Internet of Things technology;IoT;M2M communication;ROM occupancy minimization;constrained application protocol;datagram transport layer security protocol;elliptic curve cryptography;high energy consumption;long delay;machine-to-machine communication;optimized DTLS implementation;resource constrained device;Ciphers;Elliptic curves;Optimization;Protocols;Read only memory;Servers}, 
doi={10.1109/ICC.2015.7248379}, 
ISSN={1550-3607}, 
month={June},}

@TechReport{ftc,
title={{Internet of Things}: Privacy and Security in a Connected World},
year={2015},
month={January},
author={{Federal Trade Commission}},
}

@article{housecyberattacks,
title={{Understanding the Role of Connected Devices in Recent Cyber Attacks}},
year={2016},
month={November},
author={{House Energy and Commerce Committee}}
}

@online{Krebs,
	author={Brian Krebs},
	title={{KrebsOnSecurity} Hit With Record {DDoS}},
	year=2016,
	url={https://krebsonsecurity.com/2016/09/krebsonsecurity-hit-with-record-ddos/},
	month=9
	}

@online{Krebs2,
	author={Brian Krebs},
	title={{Backdoor in Sony IPELA Engine IP Cameras}},
	year=2016,
	url={https://krebsonsecurity.com/2016/12/researchers-find-fresh-fodder-for-iot-attack-cannons},
	month=12
	}

@online{Incapsula,
	author={B. Herzberg and D. Bekerman and I. Zeifman},
	title={Breaking Down {Mirai}: An {IoT} {DDoS} Botnet Analysis},
	year=2016,
	url={https://www.incapsula.com/blog/malware-analysis-mirai-ddos-botnet.html},
	month=10
	}

@report{sec,
title={{Backdoor in Sony IPELA Engine IP Cameras}},
year={2016},
month={December},
author={{SEC Consult}},
url={http://blog.sec-consult.com/2016/12/backdoor-in-sony-ipela-engine-ip-cameras.html},
}

@online{Stupp,
author={Catherine Stupp},
title={Commission plans cybersecurity rules for internet-connected machines},
year={2016},
url={https://www.euractiv.com/section/innovation-industry/news/commission-plans-cybersecurity-rules-for-internet-connected-machines/},
month={October}
}

@online{Paul,
author={Paul Roberts},
title={{Lawmakers to FTC: Do Something about Internet of Things Security}},
year={2016},
url={https://securityledger.com/2016/11/lawmakers-to-ftc-do-something-about-internet-of-things-security/},
month={November}
}

@online{Thielman,
author={Sam Thielman},
title={{Acting Federal Trade Commision head: internet of things should self-regulate}},
year={2017},
url={https://www.theguardian.com/technology/2017/mar/14/federal-trade-commission-internet-things-regulation},
month={March}
}

@online{Gardner,
author={Stephen Gardner},
title={{Companies Wary of EU Consumer Cybersecurity Labels Plan}},
year={2017},
url={https://www.bna.com/companies-wary-eu-n57982083682/},
month={February}
}

@inproceedings{Hummen3,
 author = {Hummen, Ren{\'e} and Ziegeldorf, Jan H. and Shafagh, Hossein and Raza, Shahid and Wehrle, Klaus},
 title = {Towards Viable Certificate-based Authentication for the {Internet of Things}},
 booktitle = {Proceedings of the {2nd ACM Workshop on Hot Topics on Wireless Network Security and Privacy}},
 series = {HotWiSec '13},
 year = {2013},
 isbn = {978-1-4503-2003-0},
 location = {Budapest, Hungary},
 pages = {37--42},
 numpages = {6},
 url = {http://doi.acm.org.er.lib.k-state.edu/10.1145/2463183.2463193},
 doi = {10.1145/2463183.2463193},
 acmid = {2463193},
 publisher = {ACM},
 address = {New York, NY, USA},
 keywords = {authentication, certificates, internet of things, tls},
} 

@INPROCEEDINGS{Khari, 
author={M. Khari and M. Kumar and S. Vij and P. Pandey and Vaishali}, 
booktitle={2016 {3rd International Conference on Computing for Sustainable Global Development (INDIACom)}}, 
title={{Internet of Things}: Proposed security aspects for digitizing the world}, 
year={2016}, 
pages={2165-2170}, 
keywords={Internet of Things;security of data;IOT;Internet of Things;RFID;dieticians;digitization;fridge;heating appliances;heterogeneous entity;media players;remote frequency identifiers;security aspects;system of systems;televisions;wireless sensors;Internet of Things;RFID;Security;Wireless Sensors;World}, 
month={March},}


